% This file was created with JabRef 2.8.
% Encoding: Cp1252

@ELECTRONIC{uc1,
  title = {Tom's Garage},
  language = {English},
  url = {http://tomgarage.com/UnderCon.html},
  owner = {Josje},
  timestamp = {2014.04.07}
}

@ELECTRONIC{uc,
  year = {2012},
  title = {Under Construction},
  language = {Englisch},
  url = {http://www.abdelhadi-ip.com/undercon.html},
  owner = {Josje},
  timestamp = {2014.04.07}
}

@ELECTRONIC{ClassMulticastSocket,
  year = {1993},
  title = {Class MulticastSocket},
  language = {Englisch},
  organization = {Java TM Platform},
  url = {http://download.java.net/jdk7/archive/b123/docs/api/java/net/MulticastSocket.html},
  owner = {Josje},
  timestamp = {2014.04.07}
}

@comment{jabref-meta: selector_review:}

@comment{jabref-meta: selector_publisher:}

@comment{jabref-meta: selector_author:}

@comment{jabref-meta: selector_journal:}

@comment{jabref-meta: selector_keywords:}

